<record xmlns:xsi="http://www.w3.org/2001/XMLSchema-instance" xmlns="http://www.loc.gov/MARC21/slim" xsi:schemaLocation="http://www.loc.gov/MARC21/slim http://www.loc.gov/standards/marcxml/schema/MARC21slim.xsd">

  <leader>00757nam a2200217   4500</leader>
  <controlfield tag="008">160127b2015    c  a|||| |||| 00| | spa d</controlfield>
  <datafield ind1=" " ind2=" " tag="020">
    <subfield code="a">9789588780320</subfield>
  </datafield>
  <datafield ind2=" " ind1=" " tag="090">
    <subfield code="a">06.01.01</subfield>
    <subfield code="b">2284</subfield>
  </datafield>
  <datafield ind2=" " ind1="1" tag="100">
    <subfield code="9">1351</subfield>
    <subfield code="a">Jaimes Carvajal, Gladys</subfield>
  </datafield>
  <datafield tag="245" ind2="0" ind1="1">
    <subfield code="a">Políticas de incentivos docentes en Bogotá 1996-2013 / </subfield>
    <subfield code="c">Gladys  Jaimes Carvajal, María Elvira Rodríguez Luna</subfield>
  </datafield>
  <datafield tag="260" ind1=" " ind2=" ">
    <subfield code="a">Bogotá, Colombia:</subfield>
    <subfield code="b">IDEP,</subfield>
    <subfield code="c">2015</subfield>
  </datafield>
  <datafield ind1=" " ind2=" " tag="300">
    <subfield code="a">214 páginas;</subfield>
    <subfield code="b">ilustraciones</subfield>
  </datafield>
  <datafield ind2=" " ind1=" " tag="490">
    <subfield code="a">Serie Investigación IDEP,</subfield>
    <subfield code="v">14</subfield>
  </datafield>
  <datafield tag="650" ind2="4" ind1="1">
    <subfield code="9">326</subfield>
    <subfield code="a">INVESTIGACIÓN EDUCATIVA</subfield>
  </datafield>
  <datafield tag="650" ind2="4" ind1="1">
    <subfield code="9">958</subfield>
    <subfield code="a">POLÍTICA GUBERNAMENTAL</subfield>
  </datafield>
  <datafield tag="650" ind2="4" ind1="1">
    <subfield code="9">7</subfield>
    <subfield code="a">REFORMA DE LA EDUCACIÓN</subfield>
  </datafield>
  <datafield tag="650" ind1="1" ind2="4">
    <subfield code="9">1352</subfield>
    <subfield code="a">INCENTIVOS</subfield>
  </datafield>
  <datafield ind1=" " ind2="4" tag="651">
    <subfield code="9">1349</subfield>
    <subfield code="a">COLOMBIA</subfield>
  </datafield>
  <datafield ind2=" " ind1="1" tag="700">
    <subfield code="9">1353</subfield>
    <subfield code="a">Rodríguez Luna, María Elvira</subfield>
  </datafield>
  <datafield ind2=" " ind1=" " tag="942">
    <subfield code="2">z</subfield>
    <subfield code="c">01</subfield>
  </datafield>
  <datafield tag="999" ind1=" " ind2=" ">
    <subfield code="c">3044</subfield>
    <subfield code="d">3044</subfield>
  </datafield>
</record>